<record><leader>00000cas a2200000 a 4500</leader><controlfield tag="001">31854564</controlfield><controlfield tag="007">hd bfu---baat</controlfield><controlfield tag="007">hd afu---bact</controlfield><controlfield tag="008">950119c19499999nbuwr nea     0    0eng c</controlfield><datafield ind1=" " ind2=" " tag="010"><subfield code="a">sn 95069085 </subfield></datafield><datafield ind1=" " ind2=" " tag="040"><subfield code="a">NVG</subfield><subfield code="b">eng</subfield><subfield code="c">NVG</subfield><subfield code="d">OCLCQ</subfield></datafield><datafield ind1=" " ind2=" " tag="042"><subfield code="a">pcc</subfield></datafield><datafield ind1="0" ind2=" " tag="130"><subfield code="a">Bloomfield monitor (Bloomfield, Neb. : 1949)</subfield></datafield><datafield ind1="1" ind2="0" tag="245"><subfield code="a">Bloomfield monitor</subfield><subfield code="h">[microform].</subfield></datafield><datafield ind1=" " ind2=" " tag="260"><subfield code="a">Bloomfield, Knox County, Neb. :</subfield><subfield code="b">Wm. A. Skrivan,</subfield><subfield code="c">1949-</subfield></datafield><datafield ind1=" " ind2=" " tag="300"><subfield code="a">v.</subfield></datafield><datafield ind1=" " ind2=" " tag="310"><subfield code="a">Weekly</subfield></datafield><datafield ind1="0" ind2=" " tag="362"><subfield code="a">60th year, no. 5 (Dec. 29, 1949)-</subfield></datafield><datafield ind1=" " ind2=" " tag="533"><subfield code="a">Microfilm.</subfield><subfield code="m">Dec. 29,1949-</subfield><subfield code="c">Nebraska State Historical Society.</subfield><subfield code="e">microfilm reels ; 35 mm.</subfield></datafield><datafield ind1=" " ind2=" " tag="752"><subfield code="a">United States</subfield><subfield code="b">Nebraska</subfield><subfield code="c">Knox</subfield><subfield code="d">Bloomfield.</subfield></datafield><datafield ind1="0" ind2="0" tag="780"><subfield code="t">Monitor (Bloomfield, Neb.)</subfield><subfield code="w">(DLC)sn 95069084</subfield></datafield></record>